@online{constituicao1988art29,
	title = {Constituição da República Federativa do Brasil de 1988 - Capítulo IV dos Municípios. Art. 29},
	url = {https://portal.stf.jus.br/constituicao-supremo/artigo.asp?abrirBase=CF&abrirArtigo=29},
	urldate = {25 de Março de 2024}
}

@online{constituicao1988art30,
	title = {Constituição da República Federativa do Brasil de 1988 - Capítulo IV dos Municípios. Art. 30},
	url = {https://constituicao.stf.jus.br/dispositivo/cf-88-parte-1-titulo-3-capitulo-4-artigo-30},
	urldate = {25 de Março de 2024}
}

@online{constituicao1988art31,
	title = {Constituição da República Federativa do Brasil de 1988 - Capítulo IV dos Municípios. Art. 31},
	url = {https://constituicao.stf.jus.br/dispositivo/cf-88-parte-1-titulo-3-capitulo-4-artigo-31},
	urldate = {25 de Março de 2024}
}

@online{lei8159,
	title = {Lei n°8159, de 8 de janeiro de 1991. Dispõe sobre a política nacional de arquivos públicos e privados no Brasil},
	author = {Brasil},
	year = {1991},
	url = {https://www.planalto.gov.br/ccivil_03/leis/l8159.htm},
	urldate = {25 de março de 2024}
}




@online{lei137092018,
	title = {Lei n°13.709/2018, de 14 de Agosto de 2018. Dispõe sobre o tratamento de dados pessoais físicos e digitais no Brasil},
	author = {Brasil},
	year = {2018},
	url = {https://www.planalto.gov.br/ccivil_03/_ato2015-2018/2018/lei/l13709.htm},
	urldate = {25 de março de 2024}
}

@article{eirao2013sistema,
	title={Sistema de Legisla{\c{c}}{\~a}o Informatizada (Legin): uma experi{\^e}ncia em gest{\~a}o da informa{\c{c}}{\~a}o jur{\'\i}dica na C{\^a}mara dos Deputados},
	author={Eir{\~a}o, Thiago Gomes and Sow, Marilene Mendes},
	journal={E-legis, Bras{\'\i}lia},
	number={10},
	pages={89--100},
	year={2013}
}

@article{sathler2016representaccao,
	title={Representa{\c{c}}{\~a}o e parlamento: uma abordagem s{\'o}cio-gen{\'e}tica},
	author={Sathler, Andr{\'e} Rehbein and Sathler, Malena Rehbein},
	journal={Revista Brasileira de Ci{\^e}ncias Sociais},
	volume={31},
	pages={e319105},
	year={2016},
	publisher={SciELO Brasil}
}

@online{camara-juara,
	title = {Site Câmara Municipal de Juara - Função e Definição de Poder Legislativo},
	url = {https://www.juara.mt.leg.br/institucional/funcao-e-definicao},
	urldate = {27 de março de 2024}
}
